101 12345678901        2502121147A094101MTBank                 GetTalkyInc                    
5200FebruaryUsagePay                    01        CCDPayemnts  250212250213   1123456780000001
62711111111 11111111         0000010000Customer01     CompanySmith          S 0123456789000001
62722222222 22222222         0000050000Customer02     CompanyDiaz           S 0123456789000002
820000000200333333330000000600000000000000000000000001                         123456780000001
9000001000001000000020033333333000000060000000000000000                                       
9999999999999999999999999999999999999999999999999999999999999999999999999999999999999999999999
9999999999999999999999999999999999999999999999999999999999999999999999999999999999999999999999
9999999999999999999999999999999999999999999999999999999999999999999999999999999999999999999999
9999999999999999999999999999999999999999999999999999999999999999999999999999999999999999999999