101 1234567890         2502121102A094101Test                   Test                           
5200Test                                1         WEBTesting   250212250213   11       0000001
627123456789123456789        00000100001              Nick                  S 0100000000000001
820000000100123456780000000100000000000000000000000001                         1       0000001
9000001000001000000010012345678000000010000000000000000                                       
9999999999999999999999999999999999999999999999999999999999999999999999999999999999999999999999
9999999999999999999999999999999999999999999999999999999999999999999999999999999999999999999999
9999999999999999999999999999999999999999999999999999999999999999999999999999999999999999999999
9999999999999999999999999999999999999999999999999999999999999999999999999999999999999999999999
9999999999999999999999999999999999999999999999999999999999999999999999999999999999999999999999